@Article{Aschwandenetal2019,
  title={Contribution of the {Greenland Ice Sheet} to sea level over the next millennium},
  author={A. Aschwanden and M. A. Fahnestock and M. Truffer and D. J. Brinkerhoff and R. Hock and C. Khroulev and R. Mottram and S. A. Khan},
  journal={Science Advances},
  volume={5},
  number={6},
  year={2019},
  doi={10.1126/sciadv.aav9396},
}

@Book{Briggsetal2000,
  AUTHOR    = {W. Briggs and V. E. Henson and S. McCormick},
  TITLE     = {A {M}ultigrid {T}utorial},
  EDITION   = {2nd},
  PUBLISHER = {SIAM Press},
  ADDRESS   = {Philadelphia},
  YEAR      = {2000}
}

@article{BrinkerhoffJohnson2015,
  author={D. J. Brinkerhoff and J. V. Johnson},
  title={Dynamics of thermally induced ice streams simulated with a higher-order flow model},
  journal={Journal of Geophysical Research: Earth Surface},
  volume={120},
  number={9},
  pages={1743--1770},
  year={2015},
  doi={10.1002/2015JF003499},
}

@Article{BrownSmithAhmadia2013,
  AUTHOR    = {J. Brown and B. Smith and A. Ahmadia},
  TITLE     = {Achieving textbook multigrid efficiency for hydrostatic
               ice sheet flow},
  JOURNAL   = {SIAM Journal on Scientific Computing},
  VOLUME    = {35},
  NUMBER    = {2},
  PAGES     = {359--375},
  YEAR      = {2013},
  doi       = {10.1137/110834512},
}

@Article{Bueler2016,
  author   = {E. Bueler},
  title    = {Stable finite volume element schemes for the
              shallow ice approximation},
  journal  = {Journal of Glaciology},
  volume   = {62},
  number   = {232},
  pages    = {230--242},
  year     = {2016},
  doi      = {10.1017/jog.2015.3},
}

@Book{Bueler2021,
  AUTHOR    = {E. Bueler},
  TITLE     = {{PETSc} for {P}artial {D}ifferential {E}quations:
               {N}umerical {S}olutions in {C} and {P}ython},
  PUBLISHER = {SIAM Press},
  ADDRESS   = {Philadelphia},
  YEAR      = {2021},
}

@Article{Bueler2021conservation,
  author   = {E. Bueler},
  title    = {Conservation laws for free-boundary fluid layers},
  journal  = {SIAM Journal on Applied Mathematics},
  volume   = {81},
  number   = {5},
  pages    = {2007--2032},
  year     = {2021},
  doi      = {10.1137/20M135217X},
}

@Article{Bueleretal2005,
  author  = {E. Bueler and C. S. Lingle and J. A. Kallen-Brown and D. N. Covey and L. N. Bowman},
  title   = {Exact solutions and verification of numerical models for isothermal ice sheets},
  journal = {Journal of Glaciology},
  volume  = {51},
  number  = {173},
  pages   = {291--306},
  year    = {2005},
  doi     = {10.3189/172756505781829449},
}

@Article{Calvoetal2003,
  author  = {N. Calvo and others},
  title   = {On a doubly nonlinear parabolic obstacle problem modelling
             ice sheet dynamics},
  year    = {2003},
  journal = {SIAM Journal on Applied Mathematics},
  volume  = {63},
  number  = {2},
  pages   = {683--707},
  doi     = {10.1137/S0036139901385345},
}

@Article{Chengetal2017,
  title={Accurate and stable time stepping in ice sheet modeling},
  author={G. Cheng and P. L{\"o}tstedt and L. von Sydow},
  journal={Journal of Computational Physics},
  volume={329},
  pages={29--47},
  year={2017},
  doi = {10.1016/j.jcp.2016.10.060},
}

@Article{Clarkeetal2015,
  author={Clarke, G. K. C. and Jarosch, A. H. and Anslow, F. S. and RadiÄ‡, V.
          and Menounos, B.},
  title={Projected deglaciation of western {C}anada in the twenty-first century},
  journal={Nature Geoscience},
  volume={8},
  pages={372--377},
  year={2015},
  doi={10.1038/ngeo2407},
}

@Article{Fischleretal2022,
AUTHOR = {Fischler, Y. and R\"uckamp, M. and Bischof, C. and Aizinger, V. and Morlighem, M. and Humbert, A.},
TITLE = {A scalability study of the {Ice-sheet and Sea-level System Model} ({ISSM}, version 4.18)},
JOURNAL = {Geoscientific Model Development},
VOLUME = {15},
YEAR = {2022},
NUMBER = {9},
PAGES = {3753--3771},
doi = {10.5194/gmd-15-3753-2022},
}

@Article{Gladstoneetal2017,
AUTHOR = {Gladstone, R. M. and Warner, R. C. and Galton-Fenzi, B. K. and Gagliardini, O. and Zwinger, T. and Greve, R.},
TITLE = {Marine ice sheet model performance depends on basal sliding physics and sub-shelf melting},
JOURNAL = {The Cryosphere},
VOLUME = {11},
YEAR = {2017},
NUMBER = {1},
PAGES = {319--329},
DOI = {10.5194/tc-11-319-2017}
}

@Article{Goelzeretal2020,
  title={The future sea-level contribution of the {G}reenland ice sheet: a multi-model ensemble study of {ISMIP6}},
  author={H. Goelzer and S. Nowicki and others},
  journal={The Cryosphere},
  volume={14},
  number={9},
  pages={3071--3096},
  year={2020},
  doi={10.5194/tc-14-3071-2020},
}

@Book{GreveBlatter2009,
  AUTHOR    = {R. Greve and H. Blatter},
  TITLE     = {Dynamics of {I}ce {S}heets and {G}laciers},
  SERIES    = {Advances in Geophysical and Environmental Mechanics and
               Mathematics},
  PUBLISHER = {Springer},
  ADDRESS   = {Berlin},
  YEAR      = {2009},
}

@Article{Gudmundsson2013,
  title={Ice-shelf buttressing and the stability of marine ice sheets},
  author={G. H. Gudmundsson},
  journal={The Cryosphere},
  volume={7},
  number={2},
  pages={647--655},
  year={2013},
  doi={10.5194/tc-7-647-2013},
}

@Article{HindmarshPayne1996,
  author={Hindmarsh, R. C. A. and Payne, A. J.},
  title={Time-step limits for stable solutions of the ice-sheet equation},
  journal={Annals of Glaciology},
  volume={23},
  pages={74--85},
  year={1996},
  doi={10.3189/S0260305500013288},
}

@Article{Hock2005,
  author={R. Hock},
  title={Glacier melt: a review of processes and their modelling},
  journal={Progress in Physical Geography},
  volume={29},
  number={3},
  pages={362--391},
  year={2005},
  doi={10.1191/0309133305pp453ra},
}

@Article{Hoffmanetal2018,
  title={{MPAS-Albany Land Ice (MALI)}: a variable-resolution ice sheet model for {E}arth system modeling using {V}oronoi grids},
  author={Hoffman, Matthew J and Perego, Mauro and Price, Stephen F and Lipscomb, William H and Zhang, Tong and Jacobsen, Douglas and Tezaur, Irina and Salinger, Andrew G and Tuminaro, Raymond and Bertagna, Luca},
  journal={Geoscientific Model Development},
  volume={11},
  number={9},
  pages={3747--3780},
  year={2018},
  doi={10.5194/gmd-11-3747-2018},
}

@Article{IsaacStadlerGhattas2015,
  author={Isaac, T. and Stadler, G. and Ghattas, O.},
  title={Solution of nonlinear {S}tokes equations discretized by high-order finite elements on nonconforming and anisotropic meshes, with application to ice sheet dynamics},
  journal={SIAM Journal on Scientific Computing},
  volume={37},
  number={6},
  pages={B804--B833},
  year={2015},
  doi={10.1137/140974407},
}

@Article{JouvetBueler2012,
  author  = {G. Jouvet and E. Bueler},
  title   = {Steady, shallow ice sheets as obstacle problems: well-posedness and finite element approximation},
  journal = {SIAM Journal on Applied Mathematics},
  volume  = {72},
  number  = {4},
  pages   = {1292--1314},
  year    = {2012},
  doi     = {10.1137/110856654},
}

@Article{JouvetGraeser2013,
  author={G. Jouvet and C. Gr{\"a}ser},
  title={An adaptive {N}ewton multigrid method for a model of marine ice sheets},
  journal={Journal of Computational Physics},
  volume={252},
  pages={419--437},
  year={2013},
  doi={10.1016/j.jcp.2013.06.032},
}

@Article{Lengetal2012,
  author={W. Leng and L. Ju and M. Gunzburger and S. Price and T. Ringler},
  title={A parallel high-order accurate finite element nonlinear {S}tokes ice sheet model and benchmark experiments},
  journal={Journal of Geophysical Research: Earth Surface},
  volume={117},
  number={F1},
  year={2012},
  doi={10.1029/2011JF001962},
}

@Book{LeVeque2007,
  AUTHOR    = {R. J. LeVeque},
  TITLE     = {{Finite Difference Methods for Ordinary and Partial Differential
                Equations: Steady-State and Time-Dependent Problems}},
  PUBLISHER = {SIAM Press},
  ADDRESS   = {Philadelphia},
  YEAR      = {2007},
}

@article{LofgrenAhlkronaHelanow2022,
  author={A. L{\"o}fgren and J. Ahlkrona and C. Helanow},
  title={Increasing stable time-step sizes of the free-surface problem arising in ice-sheet simulations},
  journal={Journal of Computational Physics: X},
  volume={16},
  number={100114},
  year={2022},
  doi={10.1016/j.jcpx.2022.100114},
}

@Article{Robinsonetal2022,
AUTHOR = {Robinson, A. and Goldberg, D. and Lipscomb, W. H.},
TITLE = {A comparison of the stability and performance of depth-integrated ice-dynamics solvers},
JOURNAL = {The Cryosphere},
VOLUME = {16},
YEAR = {2022},
NUMBER = {2},
PAGES = {689--709},
DOI = {10.5194/tc-16-689-2022},
}

@Article {SchoofHewitt2013,
  AUTHOR    = {C. Schoof and I. J. Hewitt},
  TITLE     = {Ice-sheet dynamics},
  JOURNAL   = {Annual Review of Fluid Mechanics},
  VOLUME    = {45},
  PAGES     = {217--239},
  YEAR      = {2013},
  doi       = {10.1002/jgrf.20146},
}

@Article{SeguinotDelaney2021,
  author={J. Seguinot and I. Delaney},
  title={Last-glacial-cycle glacier erosion potential in the {A}lps},
  journal={Earth Surface Dynamics},
  volume={9},
  number={4},
  pages={923--935},
  year={2021},
  doi={10.5194/esurf-9-923-2021},
}

@Article{Seroussietal2020,
  author={H. Seroussi and S. Nowicki and others},
  title={{ISMIP6 Antarctica}: a multi-model ensemble of the {A}ntarctic ice sheet evolution over the 21st century},
  journal={The Cryosphere},
  volume={14},
  number={9},
  pages={3033--3070},
  year={2020},
  doi={10.5194/tc-14-3033-2020},
}

@Book{Trottenbergetal2001,
  AUTHOR    = {U. Trottenberg and C. W. Oosterlee and A. Schuller},
  TITLE     = {Multigrid},
  PUBLISHER = {Elsevier},
  ADDRESS   = {Oxford},
  YEAR      = {2001},
}

@Article{Tuminaroetal2016,
  author={Tuminaro, R. and Perego, M. and Tezaur, I. and Salinger, A. and Price, S.},
  title={A matrix dependent/algebraic multigrid approach for extruded meshes with applications to ice sheet modeling},
  journal={SIAM Journal on Scientific Computing},
  volume={38},
  number={5},
  pages={C504--C532},
  year={2016},
  doi={10.1137/15M1040839},
}

@Article{Weberetal2021,
  author={M. E. Weber and N. R. Golledge and C. J. Fogwill and C. S. M. Turney and Z. A. Thomas},
  title={Decadal-scale onset and termination of {A}ntarctic ice-mass loss during the last deglaciation},
  journal={Nature Communications},
  volume={12},
  number={6683},
  year={2021},
  doi={10.1038/s41467-021-27053-6},
}

@Article{Winkelmannetal2011,
AUTHOR = {Winkelmann, R. and Martin, M. A. and Haseloff, M. and Albrecht, T. and Bueler, E. and Khroulev, C. and Levermann, A.},
TITLE = {{The Potsdam Parallel Ice Sheet Model (PISM-PIK)--Part 1: Model description}},
JOURNAL = {The Cryosphere},
VOLUME = {5},
YEAR = {2011},
NUMBER = {3},
PAGES = {715--726},
doi = {10.5194/tc-5-715-2011},
}

@Article{WirbelJarosch2020,
AUTHOR = {Wirbel, A. and Jarosch, A. H.},
TITLE = {Inequality-constrained free-surface evolution in a full {S}tokes ice flow model (\textit{evolve\_glacier v1.1})},
JOURNAL = {Geoscientific Model Development},
VOLUME = {13},
NUMBER = {12},
PAGES = {6425--6445},
YEAR = {2020},
doi={10.5194/gmd-13-6425-2020},
}
